<record><leader>00000cas a22000007a 4500</leader><controlfield tag="001">14715063</controlfield><controlfield tag="008">861114d19661987inuwr ne      0    0eng d</controlfield><datafield ind1=" " ind2=" " tag="010"><subfield code="a">sn 86058900 </subfield></datafield><datafield ind1=" " ind2=" " tag="040"><subfield code="a">NPI</subfield><subfield code="b">eng</subfield><subfield code="c">NPI</subfield><subfield code="d">OCLCQ</subfield><subfield code="d">IUL</subfield><subfield code="d">OCLCF</subfield></datafield><datafield ind1=" " ind2=" " tag="042"><subfield code="a">msc</subfield></datafield><datafield ind1=" " ind2=" " tag="043"><subfield code="a">n-us-in</subfield></datafield><datafield ind1="0" ind2=" " tag="130"><subfield code="a">Guide (Brownsburg, Ind.)</subfield></datafield><datafield ind1="1" ind2="4" tag="245"><subfield code="a">The guide.</subfield></datafield><datafield ind1=" " ind2=" " tag="260"><subfield code="a">Brownsburg, Ind. :</subfield><subfield code="b">Mid-State Newspapers, Inc.,</subfield><subfield code="c">1966-1987.</subfield></datafield><datafield ind1=" " ind2=" " tag="300"><subfield code="a">22 volumes</subfield></datafield><datafield ind1=" " ind2=" " tag="310"><subfield code="a">Weekly</subfield></datafield><datafield ind1="0" ind2=" " tag="362"><subfield code="a">Vol. 83, no. 37 (Feb. 2, 1966)-v. 105, no. 37 (Mar. 12, 1987).</subfield></datafield><datafield ind1=" " ind2="0" tag="651"><subfield code="a">Brownsburg (Ind.)</subfield><subfield code="v">Newspapers.</subfield></datafield><datafield ind1=" " ind2="0" tag="651"><subfield code="a">Hendricks County (Ind.)</subfield><subfield code="v">Newspapers.</subfield></datafield><datafield ind1=" " ind2="7" tag="655"><subfield code="a">Newspapers.</subfield><subfield code="2">fast</subfield><subfield code="0">(OCoLC)fst01423814</subfield></datafield><datafield ind1=" " ind2="7" tag="651"><subfield code="a">Indiana</subfield><subfield code="z">Brownsburg.</subfield><subfield code="2">fast</subfield><subfield code="0">(OCoLC)fst01237919</subfield></datafield><datafield ind1=" " ind2="7" tag="651"><subfield code="a">Indiana</subfield><subfield code="z">Hendricks County.</subfield><subfield code="2">fast</subfield><subfield code="0">(OCoLC)fst01206786</subfield></datafield><datafield ind1=" " ind2=" " tag="752"><subfield code="a">United States</subfield><subfield code="b">Indiana</subfield><subfield code="c">Hendricks</subfield><subfield code="d">Brownsburg.</subfield></datafield><datafield ind1="0" ind2="4" tag="780"><subfield code="t">Brownsburg guide</subfield><subfield code="w">(DLC)sn 86058899</subfield><subfield code="w">(OCoLC)14584459</subfield></datafield><datafield ind1="0" ind2="4" tag="780"><subfield code="t">Brownsburg record</subfield><subfield code="w">(DLC)sn 86058898</subfield><subfield code="w">(OCoLC)14584592</subfield></datafield><datafield ind1="0" ind2="6" tag="780"><subfield code="t">Hendricks County guide gazette</subfield><subfield code="w">(DLC)sn 86058901</subfield><subfield code="w">(OCoLC)14715041</subfield></datafield><datafield ind1="0" ind2="0" tag="785"><subfield code="t">Hendricks County guide</subfield><subfield code="x">0897-1285</subfield><subfield code="w">(DLC)sn 87056013</subfield><subfield code="w">(OCoLC)15651031</subfield></datafield></record>